@article{lorem,
author = "Cicero",
title = "Cambios en la bibliografía :P :P",
journal = "De finibus bonorum et malorum",
year = "-100"
}

@article{khaled2003,
title = "The role of porous media in modeling flow and heat transfer in biological tissues ",
journal = "International Journal of Heat and Mass Transfer ",
volume = "46",
number = "26",
pages = "4989 - 5003",
year = "2003",
issn = "0017-9310",
doi = "10.1016/S0017-9310(03)00301-6",
author = "A.-R.A. Khaled and K. Vafai"
}

@book{pullan2005,
author = {Pullan, A. J. and Cheng, L. K. and Buist, M. L.},
day = {30},
howpublished = {Hardcover},
isbn = {9812563733},
keywords = {book, cardiac, electrical, modelling},
month = sep,
posted-at = {2009-07-07 18:33:43},
priority = {2},
publisher = {World Scientific Publishing Company},
title = {{Mathematically Modeling the Electrical Activity of the Heart: From Cell to Body Surface and Back Again}},
year = {2005}
}

@book{ieee,
author = {Bourque P. and Dupuis R.},
day = {30},
howpublished = {Hardcover},
isbn = {9812563733},
keywords = {book, cardiac, electrical, modelling},
month = sep,
posted-at = {2009-07-07 18:33:43},
priority = {2},
publisher = {IEEE Computer Society, Los Alamitos, CA,USA},
title = {{Guide to the Software Engineering, Body of Knowledge - Arreglar}},
year = {2004}
}

@book{masssey,
author = {Massey and Satao},
day = {30},
howpublished = {Hardcover},
isbn = {9812563733},
keywords = {book, cardiac, electrical, modelling},
month = sep,
posted-at = {2009-07-07 18:33:43},
priority = {2},
publisher = {IEEE Computer Society, Los Alamitos, CA,USA},
title = {{BUSCAR NOMBRE - Arreglar}},
year = {2012}
}

@book{gottesdiener,
author = {Gottesdiener},
day = {30},
howpublished = {Hardcover},
isbn = {9812563733},
keywords = {book, cardiac, electrical, modelling},
month = sep,
posted-at = {2009-07-07 18:33:43},
priority = {2},
publisher = {WHO KNOWS},
title = {{BUSCAR NOMBRE - Arreglar}},
year = {1995}
}

@book{scrum_guide,
author = {Schwaber K., Sutherland J.},
day = {30},
howpublished = {Hardcover},
isbn = {123123123},
keywords = {book},
month = jul,
posted-at = {2009-07-07 18:33:43},
priority = {2},
publisher = {Scrum.Org and ScrumInc},
title = {{The Scrum Guide}},
year = {2013}
}

@book{agile,
author = {Isaias P., Issa T.},
day = {30},
howpublished = {Hardcover},
isbn = {9781461492535},
keywords = {book},
month = sep,
posted-at = {2009-07-07 18:33:43},
priority = {2},
publisher = {Springer},
title = {{High Level Models and Methodologies for Information Systems}},
year = {2015}
}

@book{ieee_glosary,
author = {IEEE},
day = {31},
howpublished = {Online},
isbn = {9780738103914},
keywords = {Terminology, Software engineering, Standards},
month = dec,
posted-at = {1990-12-31 00:00:00},
priority = {2},
publisher = {IEEE},
title = {{High Level Models and Methodologies for Information Systems}},
year = {1990}
}

@book{pmbok_guide,
author = {The Project Management Institute},
day = {5},
howpublished = {Online},
isbn = {1935589679},
keywords = {},
month = jan,
posted-at = {2013-01-01 0:00:00},
priority = {2},
publisher = {IEEE},
title = {{A Guide to the Project Management of Body Knowledge (PMBOK GUIDE)}},
year = {2013}
}

@book{uses_cases_writing,
author = {Alistair Cockburn},
day = {15},
howpublished = {Online},
isbn = {0201702258},
keywords = {Object-Oriented Software Design},
month = oct,
posted-at = {2000-10-15 0:00:00},
priority = {2},
publisher = {Addison-Wesley Professional},
title = {{Writing Effective Use Cases}},
year = {2000}
}

@book{uml,
author = {Rumbaugh J., Jacobson I.,Booch G.},
day = {29},
howpublished = {Online},
isbn = {0201702258},
keywords = {Object-Oriented Software Design},
month = jul,
posted-at = {2004-07-29 0:00:00},
priority = {2},
publisher = {Addison-Wesley Professional},
title = {{The Unified Modeling Language Reference Manual (2nd Edition)}},
year = {2004}
}

@book{user_stories_applied,
author = {Cohen M.},
day = {11},
howpublished = {Online},
isbn = {9780321205681},
keywords = {Software Design and Engineering, Software Development,Programming Languages},
month = jul,
posted-at = {2004-03-11 0:00:00},
priority = {2},
publisher = {Addison-Wesley Professional},
title = {{User Stories Applied: For Agile Software Development}},
year = {2004}
}

@book{knowledge_discovery,
author = {Mouhib Alnoukari, Asim El Sheikh},
day = {1},
howpublished = {Online},
isbn = {},
keywords = {},
month = jan,
posted-at = {2012-01-01 0:00:00},
priority = {2},
publisher = {Business Science Reference (an imprint of IGI Global)},
title = {{Chapter 4 Knowledge Discovert Process Models: From Traditional to Agile Modeling}},
year = {2012}
}

@misc{ingwebsite,
 title = {{Sitio Web Ingeniería - PUC2}},
 url = {http://www.ing.uc.cl/alumnos/plan-de-estudios/descripcion/}
}

@misc{structure,
 title = {{Reglamento de Estructura Académica}},
 url = {http://secretariageneral.uc.cl/images/Reglamento_sobre_Estructura_Acad%C3%A9mica_v__23_09_16.pdf}
}

@misc{creditsUC,
 title = {{Créditos UC}},
 url = {http://admisionyregistros.uc.cl/alumnos/cursos/creditos-de-un-curso}
}

@misc{set_chile,
  title = {{Sistema de Créditos Transferible Chile}},
  url = {http://sct-chile.consejoderectores.cl/que_es_sct_chile.php}
}

@misc{student_manual,
  title = {{Guía Alumno Ingeniería UC 2017}},
  url = {https://issuu.com/ingenieriauc/docs/guia_del_alumno_2017}
}

@misc{acm,
  title = {{Association for Computing Machinery}},
  url = {http://computingcareers.acm.org/?page_id=12}
}

@misc{aws,
  title = {{¿Qué es la integración Continua}},
  url = {https://aws.amazon.com/es/devops/continuous-integration/}
}

@misc{abc,
  title = {{Definición de Focus Group}},
  url = {https://www.definicionabc.com/comunicacion/focus-group.php}
}

@misc{epic,
  title = {{Agile User Stories,Epics and Themes}},
  url = {https://www.scrumalliance.org/community/spotlight/mike-cohn/march-2014/agile-user-stories-epics-and-themes}
}

@misc{mvp,
  title = {{Minimal Viable Product}},
  url = {https://es.wikipedia.org/wiki/Producto_viable_m%C3%ADnimo}
}
